%% This BibTeX bibliography file was created using BibDesk.
%% http://bibdesk.sourceforge.net/

%% Created for 孙孟 at 2018-08-30 11:34:35 +0900 


%% Saved with string encoding Unicode (UTF-8) 



@article{Sun:2017ab,
	Author = {Sun, M. and Savenko, I. G. and Flayac, H. and Liew, T. C. H.},
	Date = {2017/04/03/online},
	Date-Added = {2018-08-30 00:40:37 +0900},
	Date-Modified = {2018-08-30 00:40:37 +0900},
	Day = {03},
	Journal = {Scientific Reports},
	L3 = {10.1038/srep45243; https://www.nature.com/articles/srep45243#supplementary-information},
	M3 = {Article},
	Month = {04},
	Pages = {45243 EP -},
	Publisher = {The Author(s) SN -},
	Title = {Multivalley engineering in semiconductor microcavities},
	Ty = {JOUR},
	Url = {http://dx.doi.org/10.1038/srep45243},
	Volume = {7},
	Year = {2017},
	Bdsk-File-1 = {YnBsaXN0MDDUAQIDBAUGJCVYJHZlcnNpb25YJG9iamVjdHNZJGFyY2hpdmVyVCR0b3ASAAGGoKgHCBMUFRYaIVUkbnVsbNMJCgsMDxJXTlMua2V5c1pOUy5vYmplY3RzViRjbGFzc6INDoACgAOiEBGABIAFgAdccmVsYXRpdmVQYXRoWWFsaWFzRGF0YV8QXC4uLy4uLy4uL0dvb2dsZV9Ecml2ZS9MaWJyYXJ5L1N1bi9NdWx0aXZhbGxleSBlbmdpbmVlcmluZyBpbiBzZW1pY29uZHVjdG9yIG1pY3JvY2F2aXRpZXMucGRm0hcLGBlXTlMuZGF0YU8RAhQAAAAAAhQAAgAADE1hY2ludG9zaCBIRAAAAAAAAAAAAAAAAAAAAAAAAABCRAAB/////x9NdWx0aXZhbGxleSBlbmdpbmUjRkZGRkZGRkYucGRmAAAAAAAAAAAAAAAAAAAAAAAAAAAAAAAAAAAAAAAAAAD/////AAAAAAAAAAAAAAAAAAMABAAACiBjdQAAAAAAAAAAAAAAAAADU3VuAAACAGMvOlVzZXJzOnN1bm1lbmc6R29vZ2xlX0RyaXZlOkxpYnJhcnk6U3VuOk11bHRpdmFsbGV5IGVuZ2luZWVyaW5nIGluIHNlbWljb25kdWN0b3IgbWljcm9jYXZpdGllcy5wZGYAAA4AdgA6AE0AdQBsAHQAaQB2AGEAbABsAGUAeQAgAGUAbgBnAGkAbgBlAGUAcgBpAG4AZwAgAGkAbgAgAHMAZQBtAGkAYwBvAG4AZAB1AGMAdABvAHIAIABtAGkAYwByAG8AYwBhAHYAaQB0AGkAZQBzAC4AcABkAGYADwAaAAwATQBhAGMAaQBuAHQAbwBzAGgAIABIAEQAEgBhVXNlcnMvc3VubWVuZy9Hb29nbGVfRHJpdmUvTGlicmFyeS9TdW4vTXVsdGl2YWxsZXkgZW5naW5lZXJpbmcgaW4gc2VtaWNvbmR1Y3RvciBtaWNyb2Nhdml0aWVzLnBkZgAAEwABLwAAFQACAA7//wAAgAbSGxwdHlokY2xhc3NuYW1lWCRjbGFzc2VzXU5TTXV0YWJsZURhdGGjHR8gVk5TRGF0YVhOU09iamVjdNIbHCIjXE5TRGljdGlvbmFyeaIiIF8QD05TS2V5ZWRBcmNoaXZlctEmJ1Ryb290gAEACAARABoAIwAtADIANwBAAEYATQBVAGAAZwBqAGwAbgBxAHMAdQB3AIQAjgDtAPIA+gMSAxQDGQMkAy0DOwM/A0YDTwNUA2EDZAN2A3kDfgAAAAAAAAIBAAAAAAAAACgAAAAAAAAAAAAAAAAAAAOA},
	Bdsk-File-2 = {YnBsaXN0MDDUAQIDBAUGJCVYJHZlcnNpb25YJG9iamVjdHNZJGFyY2hpdmVyVCR0b3ASAAGGoKgHCBMUFRYaIVUkbnVsbNMJCgsMDxJXTlMua2V5c1pOUy5vYmplY3RzViRjbGFzc6INDoACgAOiEBGABIAFgAdccmVsYXRpdmVQYXRoWWFsaWFzRGF0YV8QXS4uLy4uLy4uL0dvb2dsZV9Ecml2ZS9MaWJyYXJ5L1N1bi9NdWx0aXZhbGxleSBlbmdpbmVlcmluZyBpbiBzZW1pY29uZHVjdG9yIG1pY3JvY2F2aXRpZXMwLnBkZtIXCxgZV05TLmRhdGFPEQIWAAAAAAIWAAIAAAxNYWNpbnRvc2ggSEQAAAAAAAAAAAAAAAAAAAAAAAAAQkQAAf////8fTXVsdGl2YWxsZXkgZW5naW5lI0ZGRkZGRkZGLnBkZgAAAAAAAAAAAAAAAAAAAAAAAAAAAAAAAAAAAAAAAAAA/////wAAAAAAAAAAAAAAAAADAAQAAAogY3UAAAAAAAAAAAAAAAAAA1N1bgAAAgBkLzpVc2VyczpzdW5tZW5nOkdvb2dsZV9Ecml2ZTpMaWJyYXJ5OlN1bjpNdWx0aXZhbGxleSBlbmdpbmVlcmluZyBpbiBzZW1pY29uZHVjdG9yIG1pY3JvY2F2aXRpZXMwLnBkZgAOAHgAOwBNAHUAbAB0AGkAdgBhAGwAbABlAHkAIABlAG4AZwBpAG4AZQBlAHIAaQBuAGcAIABpAG4AIABzAGUAbQBpAGMAbwBuAGQAdQBjAHQAbwByACAAbQBpAGMAcgBvAGMAYQB2AGkAdABpAGUAcwAwAC4AcABkAGYADwAaAAwATQBhAGMAaQBuAHQAbwBzAGgAIABIAEQAEgBiVXNlcnMvc3VubWVuZy9Hb29nbGVfRHJpdmUvTGlicmFyeS9TdW4vTXVsdGl2YWxsZXkgZW5naW5lZXJpbmcgaW4gc2VtaWNvbmR1Y3RvciBtaWNyb2Nhdml0aWVzMC5wZGYAEwABLwAAFQACAA7//wAAgAbSGxwdHlokY2xhc3NuYW1lWCRjbGFzc2VzXU5TTXV0YWJsZURhdGGjHR8gVk5TRGF0YVhOU09iamVjdNIbHCIjXE5TRGljdGlvbmFyeaIiIF8QD05TS2V5ZWRBcmNoaXZlctEmJ1Ryb290gAEACAARABoAIwAtADIANwBAAEYATQBVAGAAZwBqAGwAbgBxAHMAdQB3AIQAjgDuAPMA+wMVAxcDHAMnAzADPgNCA0kDUgNXA2QDZwN5A3wDgQAAAAAAAAIBAAAAAAAAACgAAAAAAAAAAAAAAAAAAAOD},
	Bdsk-Url-1 = {http://dx.doi.org/10.1038/srep45243}}

@article{Winkler:2016aa,
	Author = {Winkler, K. and Egorov, O. A. and Savenko, I. G. and Ma, X. and Estrecho, E. and Gao, T. and M\"uller, S. and Kamp, M. and Liew, T. C. H. and Ostrovskaya, E. A. and H\"ofling, S. and Schneider, C.},
	Date-Added = {2018-08-29 22:47:35 +0900},
	Date-Modified = {2018-08-29 22:47:35 +0900},
	Doi = {10.1103/PhysRevB.93.121303},
	Issue = {12},
	Journal = {Phys. Rev. B},
	Keywords = {Polariton;Lattice},
	Month = {Mar},
	Numpages = {6},
	Pages = {121303},
	Publisher = {American Physical Society},
	Title = {Collective state transitions of exciton-polaritons loaded into a periodic potential},
	Url = {https://link.aps.org/doi/10.1103/PhysRevB.93.121303},
	Volume = {93},
	Year = {2016},
	Bdsk-File-1 = {YnBsaXN0MDDUAQIDBAUGJCVYJHZlcnNpb25YJG9iamVjdHNZJGFyY2hpdmVyVCR0b3ASAAGGoKgHCBMUFRYaIVUkbnVsbNMJCgsMDxJXTlMua2V5c1pOUy5vYmplY3RzViRjbGFzc6INDoACgAOiEBGABIAFgAdccmVsYXRpdmVQYXRoWWFsaWFzRGF0YV8QfS4uLy4uLy4uL0dvb2dsZV9Ecml2ZS9MaWJyYXJ5L1dpbmtsZXIvQ29sbGVjdGl2ZSBzdGF0ZSB0cmFuc2l0aW9ucyBvZiBleGNpdG9uLXBvbGFyaXRvbnMgbG9hZGVkIGludG8gYSBwZXJpb2RpYyBwb3RlbnRpYWwucGRm0hcLGBlXTlMuZGF0YU8RApIAAAAAApIAAgAADE1hY2ludG9zaCBIRAAAAAAAAAAAAAAAAAAAAAAAAABCRAAB/////x9Db2xsZWN0aXZlIHN0YXRlIHQjRkZGRkZGRkYucGRmAAAAAAAAAAAAAAAAAAAAAAAAAAAAAAAAAAAAAAAAAAD/////AAAAAAAAAAAAAAAAAAMABAAACiBjdQAAAAAAAAAAAAAAAAAHV2lua2xlcgAAAgCELzpVc2VyczpzdW5tZW5nOkdvb2dsZV9Ecml2ZTpMaWJyYXJ5OldpbmtsZXI6Q29sbGVjdGl2ZSBzdGF0ZSB0cmFuc2l0aW9ucyBvZiBleGNpdG9uLXBvbGFyaXRvbnMgbG9hZGVkIGludG8gYSBwZXJpb2RpYyBwb3RlbnRpYWwucGRmAA4AsABXAEMAbwBsAGwAZQBjAHQAaQB2AGUAIABzAHQAYQB0AGUAIAB0AHIAYQBuAHMAaQB0AGkAbwBuAHMAIABvAGYAIABlAHgAYwBpAHQAbwBuAC0AcABvAGwAYQByAGkAdABvAG4AcwAgAGwAbwBhAGQAZQBkACAAaQBuAHQAbwAgAGEAIABwAGUAcgBpAG8AZABpAGMAIABwAG8AdABlAG4AdABpAGEAbAAuAHAAZABmAA8AGgAMAE0AYQBjAGkAbgB0AG8AcwBoACAASABEABIAglVzZXJzL3N1bm1lbmcvR29vZ2xlX0RyaXZlL0xpYnJhcnkvV2lua2xlci9Db2xsZWN0aXZlIHN0YXRlIHRyYW5zaXRpb25zIG9mIGV4Y2l0b24tcG9sYXJpdG9ucyBsb2FkZWQgaW50byBhIHBlcmlvZGljIHBvdGVudGlhbC5wZGYAEwABLwAAFQACAA7//wAAgAbSGxwdHlokY2xhc3NuYW1lWCRjbGFzc2VzXU5TTXV0YWJsZURhdGGjHR8gVk5TRGF0YVhOU09iamVjdNIbHCIjXE5TRGljdGlvbmFyeaIiIF8QD05TS2V5ZWRBcmNoaXZlctEmJ1Ryb290gAEACAARABoAIwAtADIANwBAAEYATQBVAGAAZwBqAGwAbgBxAHMAdQB3AIQAjgEOARMBGwOxA7MDuAPDA8wD2gPeA+UD7gPzBAAEAwQVBBgEHQAAAAAAAAIBAAAAAAAAACgAAAAAAAAAAAAAAAAAAAQf},
	Bdsk-Url-1 = {https://link.aps.org/doi/10.1103/PhysRevB.93.121303},
	Bdsk-Url-2 = {https://dx.doi.org/10.1103/PhysRevB.93.121303}}

@article{Nalitov:2015aa,
	Author = {Nalitov, A. V. and Solnyshkov, D. D. and Malpuech, G.},
	Date-Added = {2018-08-29 22:21:13 +0900},
	Date-Modified = {2018-08-29 22:21:13 +0900},
	Doi = {10.1103/PhysRevLett.114.116401},
	Issue = {11},
	Journal = {Phys. Rev. Lett.},
	Keywords = {Topological insulator; Project 5},
	Month = {Mar},
	Numpages = {5},
	Pages = {116401},
	Publisher = {American Physical Society},
	Title = {Polariton $\mathbb{Z}$ Topological Insulator},
	Url = {https://link.aps.org/doi/10.1103/PhysRevLett.114.116401},
	Volume = {114},
	Year = {2015},
	Bdsk-File-1 = {YnBsaXN0MDDUAQIDBAUGJCVYJHZlcnNpb25YJG9iamVjdHNZJGFyY2hpdmVyVCR0b3ASAAGGoKgHCBMUFRYaIVUkbnVsbNMJCgsMDxJXTlMua2V5c1pOUy5vYmplY3RzViRjbGFzc6INDoACgAOiEBGABIAFgAdccmVsYXRpdmVQYXRoWWFsaWFzRGF0YV8QTS4uLy4uLy4uL0dvb2dsZV9Ecml2ZS9MaWJyYXJ5L05hbGl0b3YvUG9sYXJpdG9uICRaJCBUb3BvbG9naWNhbCBJbnN1bGF0b3IucGRm0hcLGBlXTlMuZGF0YU8RAdIAAAAAAdIAAgAADE1hY2ludG9zaCBIRAAAAAAAAAAAAAAAAAAAAAAAAABCRAAB/////x9Qb2xhcml0b24gJFokIFRvcG8jRkZGRkZGRkYucGRmAAAAAAAAAAAAAAAAAAAAAAAAAAAAAAAAAAAAAAAAAAD/////AAAAAAAAAAAAAAAAAAMABAAACiBjdQAAAAAAAAAAAAAAAAAHTmFsaXRvdgAAAgBULzpVc2VyczpzdW5tZW5nOkdvb2dsZV9Ecml2ZTpMaWJyYXJ5Ok5hbGl0b3Y6UG9sYXJpdG9uICRaJCBUb3BvbG9naWNhbCBJbnN1bGF0b3IucGRmAA4AUAAnAFAAbwBsAGEAcgBpAHQAbwBuACAAJABaACQAIABUAG8AcABvAGwAbwBnAGkAYwBhAGwAIABJAG4AcwB1AGwAYQB0AG8AcgAuAHAAZABmAA8AGgAMAE0AYQBjAGkAbgB0AG8AcwBoACAASABEABIAUlVzZXJzL3N1bm1lbmcvR29vZ2xlX0RyaXZlL0xpYnJhcnkvTmFsaXRvdi9Qb2xhcml0b24gJFokIFRvcG9sb2dpY2FsIEluc3VsYXRvci5wZGYAEwABLwAAFQACAA7//wAAgAbSGxwdHlokY2xhc3NuYW1lWCRjbGFzc2VzXU5TTXV0YWJsZURhdGGjHR8gVk5TRGF0YVhOU09iamVjdNIbHCIjXE5TRGljdGlvbmFyeaIiIF8QD05TS2V5ZWRBcmNoaXZlctEmJ1Ryb290gAEACAARABoAIwAtADIANwBAAEYATQBVAGAAZwBqAGwAbgBxAHMAdQB3AIQAjgDeAOMA6wLBAsMCyALTAtwC6gLuAvUC/gMDAxADEwMlAygDLQAAAAAAAAIBAAAAAAAAACgAAAAAAAAAAAAAAAAAAAMv},
	Bdsk-File-2 = {YnBsaXN0MDDUAQIDBAUGJCVYJHZlcnNpb25YJG9iamVjdHNZJGFyY2hpdmVyVCR0b3ASAAGGoKgHCBMUFRYaIVUkbnVsbNMJCgsMDxJXTlMua2V5c1pOUy5vYmplY3RzViRjbGFzc6INDoACgAOiEBGABIAFgAdccmVsYXRpdmVQYXRoWWFsaWFzRGF0YV8QTi4uLy4uLy4uL0dvb2dsZV9Ecml2ZS9MaWJyYXJ5L05hbGl0b3YvUG9sYXJpdG9uICRaJCBUb3BvbG9naWNhbCBJbnN1bGF0b3IwLnBkZtIXCxgZV05TLmRhdGFPEQHYAAAAAAHYAAIAAAxNYWNpbnRvc2ggSEQAAAAAAAAAAAAAAAAAAAAAAAAAQkQAAf////8fUG9sYXJpdG9uICRaJCBUb3BvI0ZGRkZGRkZGLnBkZgAAAAAAAAAAAAAAAAAAAAAAAAAAAAAAAAAAAAAAAAAA/////wAAAAAAAAAAAAAAAAADAAQAAAogY3UAAAAAAAAAAAAAAAAAB05hbGl0b3YAAAIAVS86VXNlcnM6c3VubWVuZzpHb29nbGVfRHJpdmU6TGlicmFyeTpOYWxpdG92OlBvbGFyaXRvbiAkWiQgVG9wb2xvZ2ljYWwgSW5zdWxhdG9yMC5wZGYAAA4AUgAoAFAAbwBsAGEAcgBpAHQAbwBuACAAJABaACQAIABUAG8AcABvAGwAbwBnAGkAYwBhAGwAIABJAG4AcwB1AGwAYQB0AG8AcgAwAC4AcABkAGYADwAaAAwATQBhAGMAaQBuAHQAbwBzAGgAIABIAEQAEgBTVXNlcnMvc3VubWVuZy9Hb29nbGVfRHJpdmUvTGlicmFyeS9OYWxpdG92L1BvbGFyaXRvbiAkWiQgVG9wb2xvZ2ljYWwgSW5zdWxhdG9yMC5wZGYAABMAAS8AABUAAgAO//8AAIAG0hscHR5aJGNsYXNzbmFtZVgkY2xhc3Nlc11OU011dGFibGVEYXRhox0fIFZOU0RhdGFYTlNPYmplY3TSGxwiI1xOU0RpY3Rpb25hcnmiIiBfEA9OU0tleWVkQXJjaGl2ZXLRJidUcm9vdIABAAgAEQAaACMALQAyADcAQABGAE0AVQBgAGcAagBsAG4AcQBzAHUAdwCEAI4A3wDkAOwCyALKAs8C2gLjAvEC9QL8AwUDCgMXAxoDLAMvAzQAAAAAAAACAQAAAAAAAAAoAAAAAAAAAAAAAAAAAAADNg==},
	Bdsk-Url-1 = {https://link.aps.org/doi/10.1103/PhysRevLett.114.116401},
	Bdsk-Url-2 = {https://doi.org/10.1103/PhysRevLett.114.116401}}

@article{Bardyn:2015aa,
	Author = {Bardyn, Charles-Edouard and Karzig, Torsten and Refael, Gil and Liew, Timothy C. H.},
	Date-Added = {2018-08-29 22:21:13 +0900},
	Date-Modified = {2018-08-29 22:21:13 +0900},
	Doi = {10.1103/PhysRevB.91.161413},
	Issue = {16},
	Journal = {Phys. Rev. B},
	Keywords = {Topological insulator; Project 5},
	Month = {Apr},
	Numpages = {5},
	Pages = {161413},
	Publisher = {American Physical Society},
	Title = {Topological polaritons and excitons in garden-variety systems},
	Url = {https://link.aps.org/doi/10.1103/PhysRevB.91.161413},
	Volume = {91},
	Year = {2015},
	Bdsk-File-1 = {YnBsaXN0MDDUAQIDBAUGJCVYJHZlcnNpb25YJG9iamVjdHNZJGFyY2hpdmVyVCR0b3ASAAGGoKgHCBMUFRYaIVUkbnVsbNMJCgsMDxJXTlMua2V5c1pOUy5vYmplY3RzViRjbGFzc6INDoACgAOiEBGABIAFgAdccmVsYXRpdmVQYXRoWWFsaWFzRGF0YV8QZi4uLy4uLy4uL0dvb2dsZV9Ecml2ZS9MaWJyYXJ5L0JhcmR5bi9Ub3BvbG9naWNhbCBwb2xhcml0b25zIGFuZCBleGNpdG9ucyBpbiBnYXJkZW4tdmFyaWV0eSBzeXN0ZW1zLnBkZtIXCxgZV05TLmRhdGFPEQI4AAAAAAI4AAIAAAxNYWNpbnRvc2ggSEQAAAAAAAAAAAAAAAAAAAAAAAAAQkQAAf////8fVG9wb2xvZ2ljYWwgcG9sYXJpI0ZGRkZGRkZGLnBkZgAAAAAAAAAAAAAAAAAAAAAAAAAAAAAAAAAAAAAAAAAA/////wAAAAAAAAAAAAAAAAADAAQAAAogY3UAAAAAAAAAAAAAAAAABkJhcmR5bgACAG0vOlVzZXJzOnN1bm1lbmc6R29vZ2xlX0RyaXZlOkxpYnJhcnk6QmFyZHluOlRvcG9sb2dpY2FsIHBvbGFyaXRvbnMgYW5kIGV4Y2l0b25zIGluIGdhcmRlbi12YXJpZXR5IHN5c3RlbXMucGRmAAAOAIQAQQBUAG8AcABvAGwAbwBnAGkAYwBhAGwAIABwAG8AbABhAHIAaQB0AG8AbgBzACAAYQBuAGQAIABlAHgAYwBpAHQAbwBuAHMAIABpAG4AIABnAGEAcgBkAGUAbgAtAHYAYQByAGkAZQB0AHkAIABzAHkAcwB0AGUAbQBzAC4AcABkAGYADwAaAAwATQBhAGMAaQBuAHQAbwBzAGgAIABIAEQAEgBrVXNlcnMvc3VubWVuZy9Hb29nbGVfRHJpdmUvTGlicmFyeS9CYXJkeW4vVG9wb2xvZ2ljYWwgcG9sYXJpdG9ucyBhbmQgZXhjaXRvbnMgaW4gZ2FyZGVuLXZhcmlldHkgc3lzdGVtcy5wZGYAABMAAS8AABUAAgAO//8AAIAG0hscHR5aJGNsYXNzbmFtZVgkY2xhc3Nlc11OU011dGFibGVEYXRhox0fIFZOU0RhdGFYTlNPYmplY3TSGxwiI1xOU0RpY3Rpb25hcnmiIiBfEA9OU0tleWVkQXJjaGl2ZXLRJidUcm9vdIABAAgAEQAaACMALQAyADcAQABGAE0AVQBgAGcAagBsAG4AcQBzAHUAdwCEAI4A9wD8AQQDQANCA0cDUgNbA2kDbQN0A30DggOPA5IDpAOnA6wAAAAAAAACAQAAAAAAAAAoAAAAAAAAAAAAAAAAAAADrg==},
	Bdsk-Url-1 = {https://link.aps.org/doi/10.1103/PhysRevB.91.161413},
	Bdsk-Url-2 = {https://doi.org/10.1103/PhysRevB.91.161413}}

@article{Flayac:2011aa,
	Author = {Flayac, H. and Solnyshkov, D. D. and Malpuech, G.},
	Date-Added = {2018-08-29 22:19:14 +0900},
	Date-Modified = {2018-08-29 22:19:14 +0900},
	Doi = {10.1103/PhysRevB.84.125314},
	Issue = {12},
	Journal = {Phys. Rev. B},
	Keywords = {Polariton},
	Month = {Sep},
	Numpages = {7},
	Pages = {125314},
	Publisher = {American Physical Society},
	Title = {Bloch oscillations of exciton-polaritons and photons for the generation of an alternating terahertz spin signal},
	Url = {https://link.aps.org/doi/10.1103/PhysRevB.84.125314},
	Volume = {84},
	Year = {2011},
	Bdsk-Url-1 = {https://link.aps.org/doi/10.1103/PhysRevB.84.125314},
	Bdsk-Url-2 = {https://doi.org/10.1103/PhysRevB.84.125314}}

@article{Ostrovskaya:2013aa,
	Author = {Ostrovskaya, E. A. and Abdullaev, J. and Fraser, M. D. and Desyatnikov, A. S. and Kivshar, Yu. S.},
	Date-Added = {2018-08-29 22:05:36 +0900},
	Date-Modified = {2018-08-29 22:05:36 +0900},
	Doi = {10.1103/PhysRevLett.110.170407},
	Issue = {17},
	Journal = {Phys. Rev. Lett.},
	Keywords = {Localization; Polariton},
	Month = {Apr},
	Numpages = {5},
	Pages = {170407},
	Publisher = {American Physical Society},
	Title = {Self-Localization of Polariton Condensates in Periodic Potentials},
	Url = {https://link.aps.org/doi/10.1103/PhysRevLett.110.170407},
	Volume = {110},
	Year = {2013},
	Bdsk-Url-1 = {https://link.aps.org/doi/10.1103/PhysRevLett.110.170407},
	Bdsk-Url-2 = {https://doi.org/10.1103/PhysRevLett.110.170407}}

@article{Jacqmin:2014aa,
	Author = {Jacqmin, T. and Carusotto, I. and Sagnes, I. and Abbarchi, M. and Solnyshkov, D. D. and Malpuech, G. and Galopin, E. and Lema\^{\i}tre, A. and Bloch, J. and Amo, A.},
	Date-Added = {2018-08-29 22:05:13 +0900},
	Date-Modified = {2018-08-29 22:05:13 +0900},
	Doi = {10.1103/PhysRevLett.112.116402},
	Issue = {11},
	Journal = {Phys. Rev. Lett.},
	Keywords = {Polariton; Flatband},
	Month = {Mar},
	Numpages = {5},
	Pages = {116402},
	Publisher = {American Physical Society},
	Title = {Direct Observation of Dirac Cones and a Flatband in a Honeycomb Lattice for Polaritons},
	Url = {https://link.aps.org/doi/10.1103/PhysRevLett.112.116402},
	Volume = {112},
	Year = {2014},
	Bdsk-Url-1 = {https://link.aps.org/doi/10.1103/PhysRevLett.112.116402},
	Bdsk-Url-2 = {https://doi.org/10.1103/PhysRevLett.112.116402},
	Bdsk-File-1 = {YnBsaXN0MDDUAQIDBAUGJCVYJHZlcnNpb25YJG9iamVjdHNZJGFyY2hpdmVyVCR0b3ASAAGGoKgHCBMUFRYaIVUkbnVsbNMJCgsMDxJXTlMua2V5c1pOUy5vYmplY3RzViRjbGFzc6INDoACgAOiEBGABIAFgAdccmVsYXRpdmVQYXRoWWFsaWFzRGF0YV8QgS4uLy4uLy4uL0dvb2dsZV9Ecml2ZS9MaWJyYXJ5L0phY3FtaW4vRGlyZWN0IE9ic2VydmF0aW9uIG9mIERpcmFjIENvbmVzIGFuZCBhIEZsYXRiYW5kIGluIGEgSG9uZXljb21iIExhdHRpY2UgZm9yIFBvbGFyaXRvbnMwLnBkZtIXCxgZV05TLmRhdGFPEQKiAAAAAAKiAAIAAAxNYWNpbnRvc2ggSEQAAAAAAAAAAAAAAAAAAAAAAAAAQkQAAf////8fRGlyZWN0IE9ic2VydmF0aW9uI0ZGRkZGRkZGLnBkZgAAAAAAAAAAAAAAAAAAAAAAAAAAAAAAAAAAAAAAAAAA/////wAAAAAAAAAAAAAAAAADAAQAAAogY3UAAAAAAAAAAAAAAAAAB0phY3FtaW4AAAIAiC86VXNlcnM6c3VubWVuZzpHb29nbGVfRHJpdmU6TGlicmFyeTpKYWNxbWluOkRpcmVjdCBPYnNlcnZhdGlvbiBvZiBEaXJhYyBDb25lcyBhbmQgYSBGbGF0YmFuZCBpbiBhIEhvbmV5Y29tYiBMYXR0aWNlIGZvciBQb2xhcml0b25zMC5wZGYADgC4AFsARABpAHIAZQBjAHQAIABPAGIAcwBlAHIAdgBhAHQAaQBvAG4AIABvAGYAIABEAGkAcgBhAGMAIABDAG8AbgBlAHMAIABhAG4AZAAgAGEAIABGAGwAYQB0AGIAYQBuAGQAIABpAG4AIABhACAASABvAG4AZQB5AGMAbwBtAGIAIABMAGEAdAB0AGkAYwBlACAAZgBvAHIAIABQAG8AbABhAHIAaQB0AG8AbgBzADAALgBwAGQAZgAPABoADABNAGEAYwBpAG4AdABvAHMAaAAgAEgARAASAIZVc2Vycy9zdW5tZW5nL0dvb2dsZV9Ecml2ZS9MaWJyYXJ5L0phY3FtaW4vRGlyZWN0IE9ic2VydmF0aW9uIG9mIERpcmFjIENvbmVzIGFuZCBhIEZsYXRiYW5kIGluIGEgSG9uZXljb21iIExhdHRpY2UgZm9yIFBvbGFyaXRvbnMwLnBkZgATAAEvAAAVAAIADv//AACABtIbHB0eWiRjbGFzc25hbWVYJGNsYXNzZXNdTlNNdXRhYmxlRGF0YaMdHyBWTlNEYXRhWE5TT2JqZWN00hscIiNcTlNEaWN0aW9uYXJ5oiIgXxAPTlNLZXllZEFyY2hpdmVy0SYnVHJvb3SAAQAIABEAGgAjAC0AMgA3AEAARgBNAFUAYABnAGoAbABuAHEAcwB1AHcAhACOARIBFwEfA8UDxwPMA9cD4APuA/ID+QQCBAcEFAQXBCkELAQxAAAAAAAAAgEAAAAAAAAAKAAAAAAAAAAAAAAAAAAABDM=}}

@article{Whittaker2018cd,
	Author = {Whittaker, C. E. and Cancellieri, E. and Walker, P. M. and Gulevich, D. R. and Schomerus, H. and Vaitiekus, D. and Royall, B. and Whittaker, D. M. and Clarke, E. and Iorsh, I. V. and Shelykh, I. A. and Skolnick, M. S. and Krizhanovskii, D. N.},
	Date-Added = {2018-08-29 15:11:23 +0900},
	Date-Modified = {2018-08-29 15:11:23 +0900},
	Doi = {10.1103/PhysRevLett.120.097401},
	Issue = {9},
	Journal = {Phys. Rev. Lett.},
	Keywords = {SOC;Polariton;Flat Band},
	Month = {Mar},
	Numpages = {6},
	Pages = {097401},
	Publisher = {American Physical Society},
	Title = {Exciton Polaritons in a Two-Dimensional Lieb Lattice with Spin-Orbit Coupling},
	Url = {https://link.aps.org/doi/10.1103/PhysRevLett.120.097401},
	Volume = {120},
	Year = {2018},
	Bdsk-File-1 = {YnBsaXN0MDDUAQIDBAUGJCVYJHZlcnNpb25YJG9iamVjdHNZJGFyY2hpdmVyVCR0b3ASAAGGoKgHCBMUFRYaIVUkbnVsbNMJCgsMDxJXTlMua2V5c1pOUy5vYmplY3RzViRjbGFzc6INDoACgAOiEBGABIAFgAdccmVsYXRpdmVQYXRoWWFsaWFzRGF0YV8QeS4uLy4uLy4uL0dvb2dsZV9Ecml2ZS9MaWJyYXJ5L1doaXR0YWtlci9FeGNpdG9uIFBvbGFyaXRvbnMgaW4gYSBUd28tRGltZW5zaW9uYWwgTGllYiBMYXR0aWNlIHdpdGggU3Bpbi1PcmJpdCBDb3VwbGluZy5wZGbSFwsYGVdOUy5kYXRhTxECgAAAAAACgAACAAAMTWFjaW50b3NoIEhEAAAAAAAAAAAAAAAAAAAAAAAAAEJEAAH/////H0V4Y2l0b24gUG9sYXJpdG9ucyNGRkZGRkZGRi5wZGYAAAAAAAAAAAAAAAAAAAAAAAAAAAAAAAAAAAAAAAAAAP////8AAAAAAAAAAAAAAAAAAwAEAAAKIGN1AAAAAAAAAAAAAAAAAAlXaGl0dGFrZXIAAAIAgC86VXNlcnM6c3VubWVuZzpHb29nbGVfRHJpdmU6TGlicmFyeTpXaGl0dGFrZXI6RXhjaXRvbiBQb2xhcml0b25zIGluIGEgVHdvLURpbWVuc2lvbmFsIExpZWIgTGF0dGljZSB3aXRoIFNwaW4tT3JiaXQgQ291cGxpbmcucGRmAA4ApABRAEUAeABjAGkAdABvAG4AIABQAG8AbABhAHIAaQB0AG8AbgBzACAAaQBuACAAYQAgAFQAdwBvAC0ARABpAG0AZQBuAHMAaQBvAG4AYQBsACAATABpAGUAYgAgAEwAYQB0AHQAaQBjAGUAIAB3AGkAdABoACAAUwBwAGkAbgAtAE8AcgBiAGkAdAAgAEMAbwB1AHAAbABpAG4AZwAuAHAAZABmAA8AGgAMAE0AYQBjAGkAbgB0AG8AcwBoACAASABEABIAflVzZXJzL3N1bm1lbmcvR29vZ2xlX0RyaXZlL0xpYnJhcnkvV2hpdHRha2VyL0V4Y2l0b24gUG9sYXJpdG9ucyBpbiBhIFR3by1EaW1lbnNpb25hbCBMaWViIExhdHRpY2Ugd2l0aCBTcGluLU9yYml0IENvdXBsaW5nLnBkZgATAAEvAAAVAAIADv//AACABtIbHB0eWiRjbGFzc25hbWVYJGNsYXNzZXNdTlNNdXRhYmxlRGF0YaMdHyBWTlNEYXRhWE5TT2JqZWN00hscIiNcTlNEaWN0aW9uYXJ5oiIgXxAPTlNLZXllZEFyY2hpdmVy0SYnVHJvb3SAAQAIABEAGgAjAC0AMgA3AEAARgBNAFUAYABnAGoAbABuAHEAcwB1AHcAhACOAQoBDwEXA5sDnQOiA60DtgPEA8gDzwPYA90D6gPtA/8EAgQHAAAAAAAAAgEAAAAAAAAAKAAAAAAAAAAAAAAAAAAABAk=},
	Bdsk-File-2 = {YnBsaXN0MDDUAQIDBAUGJCVYJHZlcnNpb25YJG9iamVjdHNZJGFyY2hpdmVyVCR0b3ASAAGGoKgHCBMUFRYaIVUkbnVsbNMJCgsMDxJXTlMua2V5c1pOUy5vYmplY3RzViRjbGFzc6INDoACgAOiEBGABIAFgAdccmVsYXRpdmVQYXRoWWFsaWFzRGF0YV8Qei4uLy4uLy4uL0dvb2dsZV9Ecml2ZS9MaWJyYXJ5L1doaXR0YWtlci9FeGNpdG9uIFBvbGFyaXRvbnMgaW4gYSBUd28tRGltZW5zaW9uYWwgTGllYiBMYXR0aWNlIHdpdGggU3Bpbi1PcmJpdCBDb3VwbGluZzAucGRm0hcLGBlXTlMuZGF0YU8RAoYAAAAAAoYAAgAADE1hY2ludG9zaCBIRAAAAAAAAAAAAAAAAAAAAAAAAABCRAAB/////x9FeGNpdG9uIFBvbGFyaXRvbnMjRkZGRkZGRkYucGRmAAAAAAAAAAAAAAAAAAAAAAAAAAAAAAAAAAAAAAAAAAD/////AAAAAAAAAAAAAAAAAAMABAAACiBjdQAAAAAAAAAAAAAAAAAJV2hpdHRha2VyAAACAIEvOlVzZXJzOnN1bm1lbmc6R29vZ2xlX0RyaXZlOkxpYnJhcnk6V2hpdHRha2VyOkV4Y2l0b24gUG9sYXJpdG9ucyBpbiBhIFR3by1EaW1lbnNpb25hbCBMaWViIExhdHRpY2Ugd2l0aCBTcGluLU9yYml0IENvdXBsaW5nMC5wZGYAAA4ApgBSAEUAeABjAGkAdABvAG4AIABQAG8AbABhAHIAaQB0AG8AbgBzACAAaQBuACAAYQAgAFQAdwBvAC0ARABpAG0AZQBuAHMAaQBvAG4AYQBsACAATABpAGUAYgAgAEwAYQB0AHQAaQBjAGUAIAB3AGkAdABoACAAUwBwAGkAbgAtAE8AcgBiAGkAdAAgAEMAbwB1AHAAbABpAG4AZwAwAC4AcABkAGYADwAaAAwATQBhAGMAaQBuAHQAbwBzAGgAIABIAEQAEgB/VXNlcnMvc3VubWVuZy9Hb29nbGVfRHJpdmUvTGlicmFyeS9XaGl0dGFrZXIvRXhjaXRvbiBQb2xhcml0b25zIGluIGEgVHdvLURpbWVuc2lvbmFsIExpZWIgTGF0dGljZSB3aXRoIFNwaW4tT3JiaXQgQ291cGxpbmcwLnBkZgAAEwABLwAAFQACAA7//wAAgAbSGxwdHlokY2xhc3NuYW1lWCRjbGFzc2VzXU5TTXV0YWJsZURhdGGjHR8gVk5TRGF0YVhOU09iamVjdNIbHCIjXE5TRGljdGlvbmFyeaIiIF8QD05TS2V5ZWRBcmNoaXZlctEmJ1Ryb290gAEACAARABoAIwAtADIANwBAAEYATQBVAGAAZwBqAGwAbgBxAHMAdQB3AIQAjgELARABGAOiA6QDqQO0A70DywPPA9YD3wPkA/ED9AQGBAkEDgAAAAAAAAIBAAAAAAAAACgAAAAAAAAAAAAAAAAAAAQQ},
	Bdsk-Url-1 = {https://link.aps.org/doi/10.1103/PhysRevLett.120.097401},
	Bdsk-Url-2 = {https://dx.doi.org/10.1103/PhysRevLett.120.097401}}

@article{Klembt:2017aa,
	Author = {S. Klembt and T. H. Harder and O. A. Egorov and K. Winkler and H. Suchomel and J. Beierlein and M. Emmerling and C. Schneider and S. H{\"o}fling},
	Date-Added = {2018-08-29 15:11:23 +0900},
	Date-Modified = {2018-08-29 15:11:23 +0900},
	Doi = {10.1063/1.4995385},
	Eprint = {https://doi.org/10.1063/1.4995385},
	Journal = {Applied Physics Letters},
	Keywords = {Polariton;Lattice;BEC},
	Number = {23},
	Pages = {231102},
	Title = {Polariton condensation in S- and P-flatbands in a two-dimensional Lieb lattice},
	Url = {https://doi.org/10.1063/1.4995385},
	Volume = {111},
	Year = {2017},
	Bdsk-File-1 = {YnBsaXN0MDDUAQIDBAUGJCVYJHZlcnNpb25YJG9iamVjdHNZJGFyY2hpdmVyVCR0b3ASAAGGoKgHCBMUFRYaIVUkbnVsbNMJCgsMDxJXTlMua2V5c1pOUy5vYmplY3RzViRjbGFzc6INDoACgAOiEBGABIAFgAdccmVsYXRpdmVQYXRoWWFsaWFzRGF0YV8Qdy4uLy4uLy4uL0dvb2dsZV9Ecml2ZS9MaWJyYXJ5L0tsZW1idC9Qb2xhcml0b24gY29uZGVuc2F0aW9uIGluIFMtIGFuZCBQLWZsYXRiYW5kcyBpbiBhIHR3by1kaW1lbnNpb25hbCBMaWViIGxhdHRpY2UucGRm0hcLGBlXTlMuZGF0YU8RAnoAAAAAAnoAAgAADE1hY2ludG9zaCBIRAAAAAAAAAAAAAAAAAAAAAAAAABCRAAB/////x9Qb2xhcml0b24gY29uZGVuc2EjRkZGRkZGRkYucGRmAAAAAAAAAAAAAAAAAAAAAAAAAAAAAAAAAAAAAAAAAAD/////AAAAAAAAAAAAAAAAAAMABAAACiBjdQAAAAAAAAAAAAAAAAAGS2xlbWJ0AAIAfi86VXNlcnM6c3VubWVuZzpHb29nbGVfRHJpdmU6TGlicmFyeTpLbGVtYnQ6UG9sYXJpdG9uIGNvbmRlbnNhdGlvbiBpbiBTLSBhbmQgUC1mbGF0YmFuZHMgaW4gYSB0d28tZGltZW5zaW9uYWwgTGllYiBsYXR0aWNlLnBkZgAOAKYAUgBQAG8AbABhAHIAaQB0AG8AbgAgAGMAbwBuAGQAZQBuAHMAYQB0AGkAbwBuACAAaQBuACAAUwAtACAAYQBuAGQAIABQAC0AZgBsAGEAdABiAGEAbgBkAHMAIABpAG4AIABhACAAdAB3AG8ALQBkAGkAbQBlAG4AcwBpAG8AbgBhAGwAIABMAGkAZQBiACAAbABhAHQAdABpAGMAZQAuAHAAZABmAA8AGgAMAE0AYQBjAGkAbgB0AG8AcwBoACAASABEABIAfFVzZXJzL3N1bm1lbmcvR29vZ2xlX0RyaXZlL0xpYnJhcnkvS2xlbWJ0L1BvbGFyaXRvbiBjb25kZW5zYXRpb24gaW4gUy0gYW5kIFAtZmxhdGJhbmRzIGluIGEgdHdvLWRpbWVuc2lvbmFsIExpZWIgbGF0dGljZS5wZGYAEwABLwAAFQACAA7//wAAgAbSGxwdHlokY2xhc3NuYW1lWCRjbGFzc2VzXU5TTXV0YWJsZURhdGGjHR8gVk5TRGF0YVhOU09iamVjdNIbHCIjXE5TRGljdGlvbmFyeaIiIF8QD05TS2V5ZWRBcmNoaXZlctEmJ1Ryb290gAEACAARABoAIwAtADIANwBAAEYATQBVAGAAZwBqAGwAbgBxAHMAdQB3AIQAjgEIAQ0BFQOTA5UDmgOlA64DvAPAA8cD0APVA+ID5QP3A/oD/wAAAAAAAAIBAAAAAAAAACgAAAAAAAAAAAAAAAAAAAQB},
	Bdsk-File-2 = {YnBsaXN0MDDUAQIDBAUGJCVYJHZlcnNpb25YJG9iamVjdHNZJGFyY2hpdmVyVCR0b3ASAAGGoKgHCBMUFRYaIVUkbnVsbNMJCgsMDxJXTlMua2V5c1pOUy5vYmplY3RzViRjbGFzc6INDoACgAOiEBGABIAFgAdccmVsYXRpdmVQYXRoWWFsaWFzRGF0YV8QeC4uLy4uLy4uL0dvb2dsZV9Ecml2ZS9MaWJyYXJ5L0tsZW1idC9Qb2xhcml0b24gY29uZGVuc2F0aW9uIGluIFMtIGFuZCBQLWZsYXRiYW5kcyBpbiBhIHR3by1kaW1lbnNpb25hbCBMaWViIGxhdHRpY2UwLnBkZtIXCxgZV05TLmRhdGFPEQKAAAAAAAKAAAIAAAxNYWNpbnRvc2ggSEQAAAAAAAAAAAAAAAAAAAAAAAAAQkQAAf////8fUG9sYXJpdG9uIGNvbmRlbnNhI0ZGRkZGRkZGLnBkZgAAAAAAAAAAAAAAAAAAAAAAAAAAAAAAAAAAAAAAAAAA/////wAAAAAAAAAAAAAAAAADAAQAAAogY3UAAAAAAAAAAAAAAAAABktsZW1idAACAH8vOlVzZXJzOnN1bm1lbmc6R29vZ2xlX0RyaXZlOkxpYnJhcnk6S2xlbWJ0OlBvbGFyaXRvbiBjb25kZW5zYXRpb24gaW4gUy0gYW5kIFAtZmxhdGJhbmRzIGluIGEgdHdvLWRpbWVuc2lvbmFsIExpZWIgbGF0dGljZTAucGRmAAAOAKgAUwBQAG8AbABhAHIAaQB0AG8AbgAgAGMAbwBuAGQAZQBuAHMAYQB0AGkAbwBuACAAaQBuACAAUwAtACAAYQBuAGQAIABQAC0AZgBsAGEAdABiAGEAbgBkAHMAIABpAG4AIABhACAAdAB3AG8ALQBkAGkAbQBlAG4AcwBpAG8AbgBhAGwAIABMAGkAZQBiACAAbABhAHQAdABpAGMAZQAwAC4AcABkAGYADwAaAAwATQBhAGMAaQBuAHQAbwBzAGgAIABIAEQAEgB9VXNlcnMvc3VubWVuZy9Hb29nbGVfRHJpdmUvTGlicmFyeS9LbGVtYnQvUG9sYXJpdG9uIGNvbmRlbnNhdGlvbiBpbiBTLSBhbmQgUC1mbGF0YmFuZHMgaW4gYSB0d28tZGltZW5zaW9uYWwgTGllYiBsYXR0aWNlMC5wZGYAABMAAS8AABUAAgAO//8AAIAG0hscHR5aJGNsYXNzbmFtZVgkY2xhc3Nlc11OU011dGFibGVEYXRhox0fIFZOU0RhdGFYTlNPYmplY3TSGxwiI1xOU0RpY3Rpb25hcnmiIiBfEA9OU0tleWVkQXJjaGl2ZXLRJidUcm9vdIABAAgAEQAaACMALQAyADcAQABGAE0AVQBgAGcAagBsAG4AcQBzAHUAdwCEAI4BCQEOARYDmgOcA6EDrAO1A8MDxwPOA9cD3APpA+wD/gQBBAYAAAAAAAACAQAAAAAAAAAoAAAAAAAAAAAAAAAAAAAECA==},
	Bdsk-Url-1 = {https://doi.org/10.1063/1.4995385}}

@article{Baboux:2016aa,
	Author = {Baboux, F. and Ge, L. and Jacqmin, T. and Biondi, M. and Galopin, E. and Lema\^{\i}tre, A. and Le Gratiet, L. and Sagnes, I. and Schmidt, S. and T\"ureci, H. E. and Amo, A. and Bloch, J.},
	Date-Added = {2018-08-29 15:10:44 +0900},
	Date-Modified = {2018-08-29 15:10:44 +0900},
	Doi = {10.1103/PhysRevLett.116.066402},
	Issue = {6},
	Journal = {Phys. Rev. Lett.},
	Keywords = {BEC;Polariton;Lattice},
	Month = {Feb},
	Numpages = {6},
	Pages = {066402},
	Publisher = {American Physical Society},
	Title = {Bosonic Condensation and Disorder-Induced Localization in a Flat Band},
	Url = {https://link.aps.org/doi/10.1103/PhysRevLett.116.066402},
	Volume = {116},
	Year = {2016},
	Bdsk-File-1 = {YnBsaXN0MDDUAQIDBAUGJCVYJHZlcnNpb25YJG9iamVjdHNZJGFyY2hpdmVyVCR0b3ASAAGGoKgHCBMUFRYaIVUkbnVsbNMJCgsMDxJXTlMua2V5c1pOUy5vYmplY3RzViRjbGFzc6INDoACgAOiEBGABIAFgAdccmVsYXRpdmVQYXRoWWFsaWFzRGF0YV8Qby4uLy4uLy4uL0dvb2dsZV9Ecml2ZS9MaWJyYXJ5L0JhYm91eC9Cb3NvbmljIENvbmRlbnNhdGlvbiBhbmQgRGlzb3JkZXItSW5kdWNlZCBMb2NhbGl6YXRpb24gaW4gYSBGbGF0IEJhbmQwLnBkZtIXCxgZV05TLmRhdGFPEQJaAAAAAAJaAAIAAAxNYWNpbnRvc2ggSEQAAAAAAAAAAAAAAAAAAAAAAAAAQkQAAf////8fQm9zb25pYyBDb25kZW5zYXRpI0ZGRkZGRkZGLnBkZgAAAAAAAAAAAAAAAAAAAAAAAAAAAAAAAAAAAAAAAAAA/////wAAAAAAAAAAAAAAAAADAAQAAAogY3UAAAAAAAAAAAAAAAAABkJhYm91eAACAHYvOlVzZXJzOnN1bm1lbmc6R29vZ2xlX0RyaXZlOkxpYnJhcnk6QmFib3V4OkJvc29uaWMgQ29uZGVuc2F0aW9uIGFuZCBEaXNvcmRlci1JbmR1Y2VkIExvY2FsaXphdGlvbiBpbiBhIEZsYXQgQmFuZDAucGRmAA4AlgBKAEIAbwBzAG8AbgBpAGMAIABDAG8AbgBkAGUAbgBzAGEAdABpAG8AbgAgAGEAbgBkACAARABpAHMAbwByAGQAZQByAC0ASQBuAGQAdQBjAGUAZAAgAEwAbwBjAGEAbABpAHoAYQB0AGkAbwBuACAAaQBuACAAYQAgAEYAbABhAHQAIABCAGEAbgBkADAALgBwAGQAZgAPABoADABNAGEAYwBpAG4AdABvAHMAaAAgAEgARAASAHRVc2Vycy9zdW5tZW5nL0dvb2dsZV9Ecml2ZS9MaWJyYXJ5L0JhYm91eC9Cb3NvbmljIENvbmRlbnNhdGlvbiBhbmQgRGlzb3JkZXItSW5kdWNlZCBMb2NhbGl6YXRpb24gaW4gYSBGbGF0IEJhbmQwLnBkZgATAAEvAAAVAAIADv//AACABtIbHB0eWiRjbGFzc25hbWVYJGNsYXNzZXNdTlNNdXRhYmxlRGF0YaMdHyBWTlNEYXRhWE5TT2JqZWN00hscIiNcTlNEaWN0aW9uYXJ5oiIgXxAPTlNLZXllZEFyY2hpdmVy0SYnVHJvb3SAAQAIABEAGgAjAC0AMgA3AEAARgBNAFUAYABnAGoAbABuAHEAcwB1AHcAhACOAQABBQENA2sDbQNyA30DhgOUA5gDnwOoA60DugO9A88D0gPXAAAAAAAAAgEAAAAAAAAAKAAAAAAAAAAAAAAAAAAAA9k=},
	Bdsk-Url-1 = {https://link.aps.org/doi/10.1103/PhysRevLett.116.066402},
	Bdsk-Url-2 = {https://dx.doi.org/10.1103/PhysRevLett.116.066402}}

@article{Deng:2010aa,
	Author = {Deng, Hui and Haug, Hartmut and Yamamoto, Yoshihisa},
	Date-Added = {2018-08-29 15:08:47 +0900},
	Date-Modified = {2018-08-29 15:08:47 +0900},
	Doi = {10.1103/RevModPhys.82.1489},
	Issue = {2},
	Journal = {Rev. Mod. Phys.},
	Keywords = {BEC;Polariton;Project 4},
	Month = {May},
	Numpages = {0},
	Pages = {1489--1537},
	Publisher = {American Physical Society},
	Title = {Exciton-polariton Bose-Einstein condensation},
	Url = {https://link.aps.org/doi/10.1103/RevModPhys.82.1489},
	Volume = {82},
	Year = {2010},
	Bdsk-File-1 = {YnBsaXN0MDDUAQIDBAUGJCVYJHZlcnNpb25YJG9iamVjdHNZJGFyY2hpdmVyVCR0b3ASAAGGoKgHCBMUFRYaIVUkbnVsbNMJCgsMDxJXTlMua2V5c1pOUy5vYmplY3RzViRjbGFzc6INDoACgAOiEBGABIAFgAdccmVsYXRpdmVQYXRoWWFsaWFzRGF0YV8QUy4uLy4uLy4uL0dvb2dsZV9Ecml2ZS9MaWJyYXJ5L0RlbmcvRXhjaXRvbi1wb2xhcml0b24gQm9zZS1FaW5zdGVpbiBjb25kZW5zYXRpb24ucGRm0hcLGBlXTlMuZGF0YU8RAewAAAAAAewAAgAADE1hY2ludG9zaCBIRAAAAAAAAAAAAAAAAAAAAAAAAABCRAAB/////x9FeGNpdG9uLXBvbGFyaXRvbiAjRkZGRkZGRkYucGRmAAAAAAAAAAAAAAAAAAAAAAAAAAAAAAAAAAAAAAAAAAD/////AAAAAAAAAAAAAAAAAAMABAAACiBjdQAAAAAAAAAAAAAAAAAERGVuZwACAFovOlVzZXJzOnN1bm1lbmc6R29vZ2xlX0RyaXZlOkxpYnJhcnk6RGVuZzpFeGNpdG9uLXBvbGFyaXRvbiBCb3NlLUVpbnN0ZWluIGNvbmRlbnNhdGlvbi5wZGYADgBiADAARQB4AGMAaQB0AG8AbgAtAHAAbwBsAGEAcgBpAHQAbwBuACAAQgBvAHMAZQAtAEUAaQBuAHMAdABlAGkAbgAgAGMAbwBuAGQAZQBuAHMAYQB0AGkAbwBuAC4AcABkAGYADwAaAAwATQBhAGMAaQBuAHQAbwBzAGgAIABIAEQAEgBYVXNlcnMvc3VubWVuZy9Hb29nbGVfRHJpdmUvTGlicmFyeS9EZW5nL0V4Y2l0b24tcG9sYXJpdG9uIEJvc2UtRWluc3RlaW4gY29uZGVuc2F0aW9uLnBkZgATAAEvAAAVAAIADv//AACABtIbHB0eWiRjbGFzc25hbWVYJGNsYXNzZXNdTlNNdXRhYmxlRGF0YaMdHyBWTlNEYXRhWE5TT2JqZWN00hscIiNcTlNEaWN0aW9uYXJ5oiIgXxAPTlNLZXllZEFyY2hpdmVy0SYnVHJvb3SAAQAIABEAGgAjAC0AMgA3AEAARgBNAFUAYABnAGoAbABuAHEAcwB1AHcAhACOAOQA6QDxAuEC4wLoAvMC/AMKAw4DFQMeAyMDMAMzA0UDSANNAAAAAAAAAgEAAAAAAAAAKAAAAAAAAAAAAAAAAAAAA08=},
	Bdsk-Url-1 = {https://link.aps.org/doi/10.1103/RevModPhys.82.1489},
	Bdsk-Url-2 = {https://dx.doi.org/10.1103/RevModPhys.82.1489}}
